
@book{ NNFirst:McCull,
  title = {A Logical Calculus of Ideas Immanent in Nervous Activity},
  publisher = {Bulletin of Mathematical Biophysics 5 (4): 115–133. doi:10.1007/BF02478259},
  year = {1943},
  author = {Warren McCulloch and Walter Pitts}
}

@book{ NNFirst:Rose,
  title = {The Perceptron: A Probabilistic Model For Information Storage And Organization In The Brain},
  publisher = {Psychological Review 65 (6): 386–408. doi:10.1037/h0042519. PMID 13602029},
  year = {1958},
  author = {F. Rosenblatt}
}

@book{NNFirst:Werbos,
  title = {Beyond Regression: New Tools for Prediction and Analysis in the Behavioral Sciences},
  publisher = {b},
  year = {1975},
  author = {P.J. Werbos}
}


@book{ffwdnn,
  title = {Pattern Recognition and Machine Learning (Information Science and Statistics)},
  publisher = {Springer},
  year = {2007},
  author = {Christopher M. Bishop}
}


@book{deng,
  title = {Deep Learning: Methods and Applications},
  publisher = {Foundations and Trends in Signal Processing 7: 3–4},
  year = {2014},
  author = {L Deng and Yu D}
}


@book{naturearticle,
  title = {Deep Learning},
  publisher = {Nature Publishing Group, a division of Macmillan Publishers Limited. SN. 0028-0836, Vol. 521, IS. 7553, SP. 436, EP. 444},
  year = {2015},
  author = {Yann LeCun and Yoshua Bengio and Geoffrey Hinton}
}


@book{learnkernels,
  title = {Learning with Kernels},
  publisher = {MIT Press},
  year = {2002},
  author = {B Scholkopf and A Smola}
}


@book{bengio1,
  title = {A Neural Probabilistic Language Model},
  publisher = {Advances in Neural Information Processing Systems, NIPS},
  year = {2001},
  author = {Yoshua Bengio and Rejean Ducharme and Pascal Vincent}
}

@book{bengio2,
  title = {A Neural Probabilistic Language Model},
  publisher = {Journal of Machine Learning Research 3, 1137–1155},
  year = {2003},
  author = {Yoshua Bengio and Rejean Ducharme and  Pascal Vincent and Christian Jauvin}
}

@book{hinton1,
  title = {Learning Distributed Representations of Concepts},
  publisher = {Proceedings for 8th Annual Conference for Cognitive Science Society, Amherest, Mass.},
  year = {1986},
  author = {Geoffrey Hinton}
}
@book{bottou,
  title = {From Machine Learning to Machine Reasoning},
  publisher = {arXiv:1102.1808},
  year = {2011},
  author = {Leon Bottou}
}

@book{mikolov1,
  title = {Efficient Estimation of Word Representations in Vector Space},
  publisher = {Proceedings of Workshop at ICLR},
  year = {2013},
  author = {Tomas Mikolov and Kai Chen and Greg Corrado and Jeffrey Dean}
}

@book{ mikolov2,
  title = { Distributed Representations of Words and Phrases and their Compositionality},
  publisher = {In Proceedings of NIPS},
  year = {2013},
  author = {Tomas Mikolov and Ilya Sutskever and Kai Chen and Greg Corrado  and Jeffrey Dean}
}


@book{morbengio,
  title = {Hierarchical probabilistic neural network language model.},
  publisher = {Proceedings of the International Workshop on artificial intelligence and statistics, pages 246-252},
  year = {2005},
  author = {Frederic Morin and Yoshua Bengio}
}


@book{gutmann,
  title = {Noise-contrastive estimation of unnormalized statistical models, with applications to natural image statistics.},
  publisher = {The Journal of Machine Learning Research, 13:307–361},
  year = {2012},
  author = {Michael U Gutmann and Aapo Hyvarinen}
}




@book{glove,
  title = {GloVe or Global Vectors for Word Representations},
  publisher = {Proceedings of EMNLP},
  year = {2014},
  author = {Jeffrey Pennington and   Richard Socher and   Christopher D. Manning}
}